@article{artigo,
    author      =   "Autor do Artigo",
    title       =   "Título do Artigo",
    journal     =   "Meio de divulgação do Artigo",
    volume      =   "número do volume",
    number      =   "número da página",
    pages       =   "primeira página -- última página",
    year        =   "2017",
    DOI         =   "número de DOI"
}
 
@book{livro,
    author      =   "Autor do Livro",
    title       =   "Título do Livro",
    year        =   "2017",
    publisher   =   "Editora",
    address     =   "Cidade, Estado - País"
}

@misc{website,
    author      =   "Autor do Site",
    title       =   "Título do Site",
    year        =   "2017",
    url         =   "http://www.url.com"
}
 
@misc{generico,
    author      =   "Autor Genérico",
    title       =   "Título Genérico",
    text        =   "Texto Genérico",
    year        =   "2017",
    url         =   "www.generico.com" 
}

@mastherthesis{teseMestrado,
    author      =   "Autor da Tese de Mestrado",
    title       =   "Título da Tese de Mestrado",
    school      =   "Instituição da Tese de Mestrado",
    year        =   "2017",
    address     =   "Cidade, Estado - País",
    note        =   "Nota sobre a Tese de Mestrado"
}

@phdthesis{teseDoutorado,
    author      =   "Autor da Tese de Doutorado",
    title       =   "Título da Tese de Doutorado",
    school      =   "Instituição da Tese de Doutorado",
    year        =   "2017",
    address     =   "Cidade, Estado - País",
    note        =   "Nota sobre a Tese de Doutorado"
}

@unpublished{teseNaoPublicada,
    author      =   "Autor da Tese Não Publicada",
    title       =   "Título da Tese Não Publicada",
    year        =   "2017",
    note        =   "Submetida"
}

@inproceedings{procedimentos,
    author      =   "Autor dos Procedimentos",
    year        =   "2017",
    title       =   "Título dos Procedimentos",
    booktitle   =   "Título do Livro dos Procedimentos",
    editor      =   "Editora do Livro",
    pages       =   "3-22",
    publisher   =   "Órgão responsável pela Publicação",
    volume      =   "Volume N"
}

@incollection{parteDeColecao,
    author      =   "Autor da Coleção",
    title       =   "Título da Coleção",
    editor      =   "Editora da Coleção",
    booktitle   =   "Título do Livro",
    series      =   "Número da Série",
    volume      =   "Volume N",
    chapter     =   "Capítulo M",
    pages       =   "3-42",
    publisher   =   "Órgão responsável pela Publicação",
    address     =   "Cidade, Estado - País",
    year        =   2017
}          

@hidden{invisivel,
  title         =   {Obra Não Citada na Bibliografia},
  author        =   {Autor Invisível},
  volume        =   {1},
  year          =   {2017},
  publisher     =   {Editora Invisível},
  address       =   "Cidade, Estado - País"
}

%Exemplo de citação de um artigo real:
@article{carbono,
  title         =   {Comportamento de diferentes sistemas de manejo como fonte ou dep{\'o}sito de carbono em rela{\c{c}}{\~a}o {\`a} vegeta{\c{c}}{\~a}o de cerrado},
  author        =   {Corazza, EJ and SILVA, JE da and Resck, DVS and Gomes, AC},
  journal       =   {Revista Brasileira de Ci{\^e}ncia do Solo},
  volume        =   {23},
  number        =   {2},
  pages         =   {425--432},
  year          =   {1999},
  publisher     =   {Sociedade Brasileira de Ci{\^e}ncia do Solo}
}